@inproceedings{amanatides1987fast,
  title={A fast voxel traversal algorithm for ray tracing},
  author={Amanatides, John and Woo, Andrew and others},
  booktitle={Eurographics},
  volume={87},
  number={3},
  pages={3--10},
  year={1987}
}

@article{ivson2009gpu,
    title={GPU-accelerated uniform grid construction for ray tracing dynamic scenes},
    author={Ivson, Paulo and Duarte, Leonardo and Celes, Waldemar},
    journal={Master's thesis, Departamento de Informatica, Pontificia Universidade Catolica, Rio de Janeiro},
    year={2009}
}

@article{chang2001survey,
    title={A survey of geometric data structures for ray tracing},
    author={Chang, Allen Y},
    journal={Polytechnic University, Brooklyn, Tech. Rep},
    year={2001}
}
